@book {MR1676282,
    AUTHOR = {Stanley, Richard P.},
     TITLE = {Enumerative combinatorics. {V}ol. 2},
    SERIES = {Cambridge Studies in Advanced Mathematics},
    VOLUME = {62},
 PUBLISHER = {Cambridge University Press, Cambridge},
      YEAR = {1999},
     PAGES = {xii+581},
      ISBN = {0-521-56069-1; 0-521-78987-7},
   MRCLASS = {05A15 (05-02 05E05 05E10 68R05)},
  MRNUMBER = {1676282},
MRREVIEWER = {Ira Gessel},
       DOI = {10.1017/CBO9780511609589},
       URL = {https://doi.org/10.1017/CBO9780511609589},
}

@misc{stanley_2013,
  author={Stanley, Richard P.},
  title={Catalan Addendum},
  howpublished="\url{http://www-math.mit.edu/~rstan/ec/catadd.pdf}",
  year={2013},
  month={May}}
  
@misc{wiki:catalan,
  author = {{Catalan number}},
  title = "Catalan number --- {W}ikipedia{,} The Free Encyclopedia",
  year = "2020",
  url = "https://en.wikipedia.org/w/index.php?title=Catalan_number&oldid=955372145",
  note = "[Online; accessed 10-May-2020]"
}
@misc{wiki:narayana,
  author = {{Narayana number}},
  title = "Narayana number --- {W}ikipedia{,} The Free Encyclopedia",
  year = "2020",
  url = "https://en.wikipedia.org/w/index.php?title=Narayana_number&oldid=947080599",
  note = "[Online; accessed 10-May-2020]"
}
